<?xml version="1.0" encoding="UTF-8"?>
<record xmlns="http://www.loc.gov/MARC21/slim" xmlns:xsi="http://www.w3.org/2001/XMLSchema-instance" xsi:schemaLocation="http://www.loc.gov/MARC21/slim http://www.loc.gov/standards/marcxml/schema/MARC21slim.xsd">
<leader>00000cam a22      a 4500</leader>
<controlfield tag="001">001677047</controlfield>
<controlfield tag="003">NNU</controlfield>
<controlfield tag="005">20141008175458.0</controlfield>
<controlfield tag="008">991201s1924    ua a     b    000 0 ara d</controlfield>
<datafield tag="035" ind1=" " ind2=" ">
<subfield code="a">(OCoLC)42914878</subfield>
</datafield>
<datafield tag="040" ind1=" " ind2=" ">
<subfield code="a">PUL</subfield>
<subfield code="c">PUL</subfield>
<subfield code="d">OCLCQ</subfield>
<subfield code="d">OCLCG</subfield>
<subfield code="d">OCLCA</subfield>
<subfield code="d">EMU</subfield>
<subfield code="d">OCLCA</subfield>
<subfield code="d">OCLCF</subfield>
<subfield code="d">NNU</subfield>
</datafield>
<datafield tag="050" ind1=" " ind2="4">
<subfield code="a">B753.G34</subfield>
<subfield code="b">Z35 1924</subfield>
</datafield>
<datafield tag="100" ind1="0" ind2=" ">
<subfield code="6">880-01</subfield>
<subfield code="a">Zakī Mubārak.</subfield>
</datafield>
<datafield tag="245" ind1="1" ind2="3">
<subfield code="6">880-02</subfield>
<subfield code="a">al-Akhlāq ʻinda al-Ghazzālī /</subfield>
<subfield code="c">taʼlīf Zakī Mubārak.</subfield>
</datafield>
<datafield tag="260" ind1=" " ind2=" ">
<subfield code="6">880-03</subfield>
<subfield code="a">[Cairo] :</subfield>
<subfield code="b">al-Maktabah al-Tijārīyah al-Kubrá,</subfield>
<subfield code="c">[1924]</subfield>
</datafield>
<datafield tag="300" ind1=" " ind2=" ">
<subfield code="a">434 p. :</subfield>
<subfield code="b">illus. ;</subfield>
<subfield code="c">25 cm.</subfield>
</datafield>
<datafield tag="500" ind1=" " ind2=" ">
<subfield code="a">Originally presented as the author's thesis (Doctoral)--al-Jāmiʻah al-Miṣrīyah, 1924.</subfield>
</datafield>
<datafield tag="504" ind1=" " ind2=" ">
<subfield code="a">Includes bibliographical references (p. 434).</subfield>
</datafield>
<datafield tag="600" ind1="0" ind2="0">
<subfield code="a">Ghazzālī,</subfield>
<subfield code="d">1058-1111.</subfield>
</datafield>
<datafield tag="650" ind1=" " ind2="0">
<subfield code="a">Islamic ethics.</subfield>
</datafield>
<datafield tag="600" ind1="0" ind2="7">
<subfield code="a">Ghazzālī,</subfield>
<subfield code="d">1058-1111.</subfield>
<subfield code="2">fast</subfield>
<subfield code="0">(OCoLC)fst00095924</subfield>
</datafield>
<datafield tag="650" ind1=" " ind2="7">
<subfield code="a">Islamic ethics.</subfield>
<subfield code="2">fast</subfield>
<subfield code="0">(OCoLC)fst00979936</subfield>
</datafield>
<datafield tag="776" ind1="0" ind2="8">
<subfield code="i">Online version:</subfield>
<subfield code="a">Zakī Mubārak.</subfield>
<subfield code="t">Akhlāq ʻinda al-Ghazzālī</subfield>
<subfield code="d">[Cairo] : al-Maktabah al-Tijārīyah al-Kubrá, [1924]</subfield>
<subfield code="w">(OCoLC)743256072</subfield>
</datafield>
<datafield tag="880" ind1="0" ind2=" ">
<subfield code="6">100-01/</subfield>
<subfield code="a">زكي مبارك.</subfield>
</datafield>
<datafield tag="880" ind1="1" ind2="2">
<subfield code="6">245-02/</subfield>
<subfield code="a">الأخلاق عند الغزالي /</subfield>
<subfield code="c">تأليف زكي مبارك.</subfield>
</datafield>
<datafield tag="880" ind1=" " ind2=" ">
<subfield code="6">260-03/</subfield>
<subfield code="a">[القاهرة] :</subfield>
<subfield code="b">المكتبة التجارية الكبرى،</subfield>
<subfield code="c">[1924]</subfield>
</datafield>
<datafield tag="OWN" ind1=" " ind2=" ">
<subfield code="a">GENERAL</subfield>
</datafield>
<datafield tag="AVA" ind1=" " ind2=" ">
<subfield code="a">NYU50</subfield>
<subfield code="b">BOBST</subfield>
<subfield code="c">Main Collection</subfield>
<subfield code="d">B753.G33 Z3</subfield>
<subfield code="e">unavailable</subfield>
<subfield code="t">Unavailable</subfield>
<subfield code="f">1</subfield>
<subfield code="g">1</subfield>
<subfield code="h">N</subfield>
<subfield code="i">0</subfield>
<subfield code="j">MAIN</subfield>
<subfield code="k">0</subfield>
</datafield>
</record>
